%%%%%%%%%%%%%%%%%%%%%%%%
%%%%%%%%%%%% RV
%%%%%%%%%%%%%%



@book{manualpractico,
  title={Proyecciones Radiológicas
Manual práctico},
  author={  De La Fuente, Noelia and Ajo, Raúl},
  year={2011},
  publisher={EDITORIAL MÉDICA PANAMERICANA}
}


%%%%%%%%%%%%%%%%%%%%%%%%%%%%%%%%%%%%%%%%
%%%  MEDICOS      %%%%%%%%%%%%%%%%%%%%
%%%%%%%%%%%%%%%%%%%%%%%%%%%%%%%%%%%%%%%
@article{dawereview,
author = {Dawe, S. R. and Pena, G. N. and Windsor, J. A. and Broeders, J. A. J. L. and Cregan, P. C. and Hewett, P. J. and Maddern, G. J.},
title = {Systematic review of skills transfer after surgical simulation-based training},
journal = {BJS},
volume = {101},
number = {9},
pages = {1063-1076},
doi = {10.1002/bjs.9482},
year = {2014}
}


@article{simsafety,
    author = {Ziv, Amitai and Wolpe, Paul Root R. and Small, Stephen D. and Glick, Shimon},
    issn = {1040-2446},
    journal = {Academic medicine : journal of the Association of American Medical Colleges},
    keywords = {safety, simulation},
    month = aug,
    number = {8},
    pages = {783--788},
    title = {{Simulation-based medical education: an ethical imperative.}},
	doi = {10.1097/01.SIH.0000242724.08501.63},
    volume = {78},
    year = {2003}
}
@article{KANDASAMI200998,
title = "Femoral nerve block for total knee replacement — A word of caution",
journal = "The Knee",
volume = "16",
number = "2",
pages = "98 - 100",
year = "2009",
issn = "0968-0160",
doi = "https://doi.org/10.1016/j.knee.2008.10.007",
author = "Mohanasundaram Kandasami and Andrew WG Kinninmonth and Martin Sarungi and Joseph Baines and Nicholas B Scott",
keywords = "Femoral nerve blocks, Total knee replacement, Post-operative mobilisation"
}



%anatomia
@article{ackerman1998visible,
  title={The visible human project},
  author={Ackerman, Michael J},
  journal={Proceedings of the IEEE},
  volume={86},
  number={3},
  pages={504--511},
  year={1998},
  publisher={IEEE}
}


@article{kelc2012zygote,
  title={Zygote body: A new interactive 3-dimensional didactical tool for teaching anatomy},
  author={Kelc, Robi},
  year={2012},
  journal = {WebmedCentral}
}

@article{qualter2012biodigital,
  title={The biodigital human: a web-based 3D platform for medical visualization and education.},
  author={Qualter, John and Sculli, Frank and Oliker, Aaron and Napier, Zachary and Lee, Sabrina and Garcia, Julio and Frenkel, Sally and Harnik, Victoria and Triola, Marc},
  journal={Studies in health technology and informatics},
  volume={173},
  pages={359--361},
  year={2012}
}


@misc{visible2012visible,
  title={Visible Body{\textregistered} 3D Human Anatomy Atlas},
  author={Argosy Publishing Inc. Newton, MA},
  howpublished ={\url{https://www.visiblebody.com}},
  note = {Consulta: Enero 2018}
}

@misc{Anatomium,
author = {Anatomium},
title = {21ST Century Solutions Ltd.},
howpublished ={\url{http://www.anatomium.com/}},
note = {Consulta: Enero 2018}
}


@misc{BluePH,
author = {Blue Phantom},
title = {CAE Healthcare, FL, USA.},
howpublished ={\url{https://www.bluephantom.com/}},
note = {Consulta: Julio 2018}
}

@misc{VoxelMan,
author = {Voxel-Man},
title = {Segmented Inner Organs (SIO) Group.},
howpublished ={\url{https://www.voxel-man.com/segmented-inner-organs-of-the-visible-human/}},
note = {Consulta: Enero 2018}
}


@article{VM2002,
author = {Tiede, U and Pommert, Andreas and Pflesser, Bernhard and Richter, E and Riemer, Martin and Schiemann, T and Schubert, R and Schumacher, Udo and Höhne, Karl Heinz},
year = {2002},
month = {09},
pages = {212-212},
title = {A high-resolution model of the inner organs based on the visible human data set},
volume = {5},
journal = {Journal of Visualization}
}

%% simuladores

@article{bayona2014assessing,
  title={Assessing performance in shoulder arthroscopy: the imperial global arthroscopy rating scale (IGARS)},
  author={Bayona, Sofia and Akhtar, Kash and Gupte, Chinmay and Emery, Roger JH and Dodds, Alexander L and Bello, Fernando},
  journal={The Journal of bone and joint surgery. American volume},
  volume={96},
  number={13},
  pages={e112},
  year={2014},
  publisher={Journal of Bone and Joint Surgery, Inc.}
}

@inproceedings{deserno2015regional,
  title={Regional Anaesthesia Simulator and Assistant (RASimAs): medical image processing supporting anaesthesiologists in training and performance of local blocks},
  author={Deserno, Thomas M and de Oliveira, J{\'u}lia EE and Grottke, Oliver},
  booktitle={Computer-Based Medical Systems (CBMS), 2015 IEEE 28th International Symposium on},
  pages={348--351},
  year={2015},
  organization={IEEE}
}

@article{Seymour2008vr,
  title={VR to OR: a review of the evidence that virtual reality simulation improves operating room performance},
  author={Seymour, Neal E},
  journal={World journal of surgery},
  volume={32},
  number={2},
  pages={182--188},
  year={2008},
  publisher={Springer}
}


@article{Gurusamy08,
author = {Gurusamy, K. and Aggarwal, R. and Palanivelu, L. and Davidson, B. R.},
title = {Systematic review of randomized controlled trials on the effectiveness of virtual reality training for laparoscopic surgery},
journal = {BJS},
volume = {95},
number = {9},
year = {2008},
pages = {1088-1097},
doi = {10.1002/bjs.6344}
}

@article{buckley2014skillset,
  title={Is the skillset obtained in surgical simulation transferable to the operating theatre?},
  author={Buckley, Christina E and Kavanagh, Dara O and Traynor, Oscar and Neary, Paul C},
  journal={The American Journal of Surgery},
  volume={207},
  number={1},
  pages={146--157},
  year={2014},
  publisher={Elsevier}
}

@article{willaert2012recent,
  title={Recent advancements in medical simulation: patient-specific virtual reality simulation},
  author={Willaert, Willem IM and Aggarwal, Rajesh and Van Herzeele, Isabelle and Cheshire, Nicholas J and Vermassen, Frank E},
  journal={World journal of surgery},
  volume={36},
  number={7},
  pages={1703--1712},
  year={2012},
  publisher={Springer}
}

@article{ZHANG2017599,
title = "Towards patient-specific modeling of mitral valve repair: 3D transesophageal echocardiography-derived parameter estimation",
journal = "Medical Image Analysis",
volume = "35",
pages = "599 - 609",
year = "2017",
issn = "1361-8415",
doi = "https://doi.org/10.1016/j.media.2016.09.006",
author = "Fan Zhang and Jingjing Kanik and Tommaso Mansi and Ingmar Voigt and Puneet Sharma and Razvan Ioan Ionasec and Lakshman Subrahmanyan and Ben A. Lin and Lissa Sugeng and David Yuh and Dorin Comaniciu and James Duncan",
keywords = "Mitral valve, Patient-specific model, Transesophageal echocardiography, Finite element biomechanical model, Mitral valve closure simulation"}

@article{preim2018survey,
  title={A Survey of Virtual Human Anatomy Education Systems},
  author={Preim, Bernhard and Saalfeld, Patrick},
  journal={Computers \& Graphics},
  year={2018},
  publisher={Elsevier}
}



@article{Ullrich2009,
  title={An intersubject variable regional anesthesia simulator with a virtual patient architecture},
  author={Ullrich, Sebastian and Grottke, Oliver and Fried, Eduard and Frommen, Thorsten and Liao, Wei and Rossaint, Rolf and Kuhlen, Torsten and Deserno, Thomas M},
  journal={International journal of computer assisted radiology and surgery},
  volume={4},
  number={6},
  pages={561--570},
  year={2009},
  publisher={Springer}
}


%% anestesiologia
@article{broom2018evaluation,
  title={Evaluation of the Genesis Epidural-Spinal Injection Simulator},
  author={Broom, MA and Milne, G and McGrady, EM},
  journal={International journal of obstetric anesthesia},
  volume={33},
  pages={90--92},
  year={2018},
  publisher={Elsevier}
}


@inproceedings{Bibin,
 author = {Bibin, Lazar and L{\'e}cuyer, Anatole and Burkhardt, Jean-Marie and Delbos, Alain and Bonnet, Madeleine},
 title = {SAILOR: A 3-D Medical Simulator of Loco-regional Anaesthesia Based on Desktop Virtual Reality and Pseudo-haptic Feedback},
 booktitle = {Proceedings of the 2008 ACM Symposium on Virtual Reality Software and Technology},
 series = {VRST '08},
 year = {2008},
 isbn = {978-1-59593-951-7},
 location = {Bordeaux, France},
 pages = {97--100},
 numpages = {4},
 url = {http://doi.acm.org/10.1145/1450579.1450600},
 doi = {10.1145/1450579.1450600},
 acmid = {1450600},
 publisher = {ACM},
 address = {New York, NY, USA},
 keywords = {desktop virtual reality, interactive technique, loco-regional anaesthesia, medical simulator, pseudo-haptic},
} 

@article{Grottke2009594,
title = "Virtual reality-based simulator for training in regional anaesthesia ",
journal = "British Journal of Anaesthesia ",
volume = "103",
number = "4",
pages = "594 - 600",
year = "2009",
note = "",
issn = "0007-0912",
doi = "https://doi.org/10.1093/bja/aep224",
url = "https://www.sciencedirect.com/science/article/pii/S000709121733951X",
author = "O. Grottke and A. Ntouba and S. Ullrich and W. Liao and E. Fried and A. Prescher and T.M. Deserno and T. Kuhlen and R. Rossaint",
keywords = "anaesthetic techniques, regional",
keywords = "anaesthetic techniques, regional, inguinal",
keywords = "education",
keywords = "model, computer simulation "
}

@techreport{lim2008simulation,
  title={Simulation-based military regional anesthesia training system},
  author={Lim, Yi-Je and Le, Tuan and Valdivia, Pablo and Tardella, Neil and Curley, Kenneth},
  year={2008},
  institution={ARMY MEDICAL RESEARCH AND MATERIEL COMMAND FORT DETRICK MD TELEMEDICINE AND ADVANCED TECH RESEARCH CENTER}
}


%%%radiologia

@book{carver2012medical,
  title={Medical Imaging-E-Book: Techniques, Reflection and Evaluation},
  author={Carver, Elizabeth and Carver, Barry},
  year={2012},
  publisher={Elsevier Health Sciences}
}
@article{medspace,
author = {Bridge, Pete and Gunn, Therese and Kastanis, Lazaros and Pack, Darren and Rowntree, Pamela and Starkey, Debbie and Mahoney, Gaynor and Berry, Clare and Braithwaite, Vicki and Wilson-Stewart, Kelly},
title = {The development and evaluation of a medical imaging training immersive environment},
journal = {Journal of Medical Radiation Sciences},
volume = {61},
number = {3},
pages = {159-165},
year = 2014,
keywords = {Evaluation, medical imaging, simulation, virtual reality},
doi = {10.1002/jmrs.60}

}

@inproceedings{deshpande2017integrated,
  title={An Integrated Database and Smart Search Tool for Medical Knowledge Extraction from Radiology Teaching Files},
  author={Deshpande, Priya and Rasin, Alexander and Brown, Eli and Furst, Jacob and Raicu, Daniela and Montner, Steven and Armato III, Samuel},
  booktitle={Medical Informatics and Healthcare},
  pages={10--18},
  year={2017}
}

@article{Spouge2017,
author="Spouge, Rebecca",
title="Review of UBC Radiology Teaching App",
journal="Journal of Digital Imaging",
year="2017",
month="Oct",
day="30",
issn="1618-727X",
doi="10.1007/s10278-017-0034-y",
url="https://doi.org/10.1007/s10278-017-0034-y"
}

@article{shanahan2016student,
  title={Student perspective on using a virtual radiography simulation},
  author={Shanahan, Madeleine},
  journal={Radiography},
  volume={22},
  number={3},
  pages={217--222},
  year={2016},
  publisher={Elsevier}
}

%%%%%%%%%%%%%%%%%%%%%%%%%%%%%%%%%%%%%%%%%%%%%%%%%%%%%%
%%%%%%%%%%%% REGISTRATION
%%%%%%%%%%%%%%%%%%%%%%%%%%%%%%%%%%%%%%%%%%%%%%%%%%%
@inproceedings{de2016surface,
  title={Surface mesh to voxel data registration for patient-specific anatomical modeling},
  author={de Oliveira, J{\'u}lia EE and Giessler, Paul and Keszei, Andr{\'a}s and Herrler, Andreas and Deserno, Thomas M},
  booktitle={Medical Imaging 2016: Image-Guided Procedures, Robotic Interventions, and Modeling},
  volume={9786},
  pages={978625},
  year={2016},
  organization={International Society for Optics and Photonics}
}



@article{MRIelastography,
author = {Mariappan, Yogesh K. and Glaser, Kevin J. and Ehman, Richard L.},
title = {Magnetic resonance elastography: A review},
journal = {Clinical Anatomy},
volume = {23},
number = {5},
pages = {497-511},
keywords = {elasticity imaging, palpation, mechanical properties, shear stiffness},
doi = {10.1002/ca.21006},
year = {2010}
}


%%%%%%%%%%%%%%%%%%%%%%%%%%
%%%%%%%%%%% Entrenamiento y evaluación
%%%%%%%%%%%%%%%%%%%%%%%%%%%%%

@book{donaldson2000err,
  title={To err is human: building a safer health system},
  author={Donaldson, Molla S and Corrigan, Janet M and Kohn, Linda T and others},
  volume={6},
  year={2000},
  publisher={National Academies Press}
}

@article{page2000brief,
  title={Brief history of flight simulation},
  author={Page, Ray L},
  journal={SimTecT 2000 Proceedings},
  pages={11--17},
  year={2000},
  publisher={Citeseer}
}

@book{dent2017practical,
  title={A practical guide for medical teachers},
  author={Dent, John and Harden, Ronald M and Hunt, Dan},
  year={2017},
  publisher={Elsevier Health Sciences}
}

@article{pales2010uso,
  title={El uso de las simulaciones en educaci{\'o}n m{\'e}dica},
  author={Pal{\'e}s Argull{\'o}s, Jorge L and Gomar Sancho, Carmen},
  journal={Teor{\'\i}a de la Educaci{\'o}n. Educaci{\'o}n y Cultura en la Sociedad de la Informaci{\'o}n},
  volume={11},
  number={2},
  year={2010},
  publisher={Universidad de Salamanca}
}

@article{norcini2011criteria,
  title={Criteria for good assessment: consensus statement and recommendations from the Ottawa 2010 Conference},
  author={Norcini, John and Anderson, Brownell and Bollela, Valdes and Burch, Vanessa and Costa, Manuel Jo{\~a}o and Duvivier, Robbert and Galbraith, Robert and Hays, Richard and Kent, Athol and Perrott, Vanessa and others},
  journal={Medical teacher},
  volume={33},
  number={3},
  pages={206--214},
  year={2011},
  publisher={Taylor \& Francis}
}

@article{ziv2008educacion,
  title={La educaci{\'o}n m{\'e}dica basada en simulaciones},
  author={Ziv, Amitai and Berkenstadt, Haim},
  journal={Jano: Medicina y humanidades},
  volume={1701},
  pages={42},
  year={2008},
  publisher={Doyma}
}

@article{ericsson1993role,
  title={The role of deliberate practice in the acquisition of expert performance.},
  author={Ericsson, K Anders and Krampe, Ralf T and Tesch-R{\"o}mer, Clemens},
  journal={Psychological review},
  volume={100},
  number={3},
  pages={363},
  year={1993},
  publisher={American Psychological Association}
}


@article{zpd,
author = {Kneebone, R L and Scott, W and Darzi, A and Horrocks, M},
title = {Simulation and clinical practice: strengthening the relationship},
journal = {Medical Education},
volume = {38},
number = {10},
year = {2004},
pages = {1095-1102},
keywords = {education, medical undergraduate/*methods, clinical competence/*standards, patient simulation, surgery/education/methods},
doi = {10.1111/j.1365-2929.2004.01959.x}

}

@book{olson2014jerome,
  title={Jerome Bruner: The cognitive revolution in educational theory},
  author={Olson, David R},
  year={2014},
  publisher={Bloomsbury Publishing}
}

@article {Atesok,
title = "Retention of Skills After Simulation-based Training in Orthopaedic Surgery",
journal = "Journal of the American Academy of Orthopaedic Surgeons",
parent_itemid = "infobike://wk/jos",
publishercode ="wk",
year = "2016",
volume = "24",
number = "8",
pages = "505-514",
itemtype = "ARTICLE",
issn = "1067-151X",
doi = "doi:10.5435/JAAOS-D-15-00440",
keyword = "orthopaedic skills training, surgical simulation, skill retention, skill acquisition, skill decay",
author = "Atesok, Kivanc and Satava, Richard M. and Van Heest, Ann and Hogan, MaCalus V. and Pedowitz, Robert A. and Fu, Freddie H. and Sitnikov, Irena and Marsh, J. Lawrence and Hurwitz, Shepard R.",
}



@article{AIM2016224,
title = "Effectiveness of Virtual Reality Training in Orthopaedic Surgery",
journal = "Arthroscopy: The Journal of Arthroscopic \& Related Surgery",
volume = "32",
number = "1",
pages = "224 - 232",
year = "2016",
issn = "0749-8063",
doi = "https://doi.org/10.1016/j.arthro.2015.07.023",
author = "Florence Aïm and Guillaume Lonjon and Didier Hannouche and Rémy Nizard"
}

@Article{Sando2013,
author={Sando, Carol R.
and Coggins, Rita M.
and Meakim, Colleen
and Franklin, Ashley E.
and Gloe, Donna
and Boese, Teri
and Decker, Sharon
and Lioce, Lori
and Borum, Jimmie C.},
title={Standards of Best Practice: Simulation Standard VII: Participant Assessment and Evaluation},
journal={Clinical Simulation In Nursing},
year={2013},
month={Jun},
day={01},
publisher={Elsevier},
volume={9},
number={6},
pages={S30-S32},
issn={1876-1399},
doi={10.1016/j.ecns.2013.04.007},

}



%%%%%%%%%%%%%%%%%%%%%
%%%% Gráficos %%%%%%%

%%%%%%%%%%%%

@inproceedings {isabel,
booktitle = {Spanish Computer Graphics Conference (CEIG)},
editor = {García-Fernández, Ignacio and Ureña, Carlos},
title = {{Design and Implementation of a Volumetric Merging Tool}},
author = {Vidaurre-Gallart, Isabel and Sújar, Aaron and García, Marcos},
year = {2018},
publisher = {The Eurographics Association},
ISBN = {978-3-03868-067-3},
DOI = {10.2312/ceig.20181154}
}


@INPROCEEDINGS{thalmann88,
    author = {Nadia Magnenat-thalmann and Richard Laperrire and Daniel Thalmann and Université De Montréal},
    title = {Joint-Dependent Local Deformations for Hand Animation and Object Grasping},
    booktitle = {In Proceedings on Graphics interface ’88},
    year = {1988},
    pages = {26--33}
}

@article{feng2014fast,
  title={Fast, automatic character animation pipelines},
  author={Feng, Andrew and Huang, Yazhou and Xu, Yuyu and Shapiro, Ari},
  journal={Computer Animation and Virtual Worlds},
  volume={25},
  number={1},
  pages={3--16},
  year={2014},
  publisher={Wiley Online Library}
}

@article{jacobson2014part,
  title={Part II: Automatic Skinning via Constrained Energy Optimization},
  author={Jacobson, Alec},
  journal={SIGGRAPH Course},
  pages={1--28},
  year={2014}
}
@article{laplacian,
 author = {Au, Oscar Kin-Chung and Tai, Chiew-Lan and Chu, Hung-Kuo and Cohen-Or, Daniel and Lee, Tong-Yee},
 title = {Skeleton Extraction by Mesh Contraction},
 journal = {ACM Trans. Graph.},
 issue_date = {August 2008},
 volume = {27},
 number = {3},
 month = aug,
 year = {2008},
 issn = {0730-0301},
 pages = {44:1--44:10},
 articleno = {44},
 numpages = {10},
 doi = {10.1145/1360612.1360643},
 acmid = {1360643},
 publisher = {ACM},
 address = {New York, NY, USA},
 keywords = {Laplacian, mesh contraction, segmentation, skeleton, skinning, smoothing},
} 

@article{Tagliasacchi,
author = {Tagliasacchi, Andrea and Alhashim, Ibraheem and Olson, Matt and Zhang, Hao},
title = {Mean Curvature Skeletons},
journal = {Computer Graphics Forum},
volume = {31},
number = {5},
pages = {1735-1744},
doi = {10.1111/j.1467-8659.2012.03178.x},
year = {2012}
}
@article{Abdul2017,
author = {Abdul-Massih, M. and Yoo, I. and Benes, B.},
title = {Motion Style Retargeting to Characters With Different Morphologies},
journal = {Computer Graphics Forum},
volume = {36},
number = {6},
pages = {86-99},
keywords = {animation w/constraints, motion control, animation systems, animation retargeting, different morphologies, I.3.7 Computer Graphics: Three-Dimensional Graphics and Realism—Animation},
doi = {10.1111/cgf.12860},
year = {2017}
}

@article{Hecker2008,
 author = {Hecker, Chris and Raabe, Bernd and Enslow, Ryan W. and DeWeese, John and Maynard, Jordan and van Prooijen, Kees},
 title = {Real-time Motion Retargeting to Highly Varied User-created Morphologies},
 journal = {ACM Trans. Graph.},
 issue_date = {August 2008},
 volume = {27},
 number = {3},
 month = aug,
 year = {2008},
 issn = {0730-0301},
 pages = {27:1--27:11},
 articleno = {27},
 numpages = {11},
 doi = {10.1145/1360612.1360626},
 acmid = {1360626},
 publisher = {ACM},
 address = {New York, NY, USA},
 keywords = {character animation, games, inverse kinematics, motion retargeting, procedural animation, user generated content},
} 

@INPROCEEDINGS{Choi999, 
author={Kwang-Jin Choi and Hyeong-Seok Ko}, 
booktitle={Proceedings. Seventh Pacific Conference on Computer Graphics and Applications (Cat. No.PR00293)}, 
title={On-line motion retargetting}, 
year={1999}, 
pages={32-42}, 
keywords={computer animation;image motion analysis;real-time systems;on-line motion retargetting;inverse rate control;joint angles;end-effector position;kinematic redundancies;anthropometry;real-time performance;multiple end-effector trajectories;Animation;Kinematics;Motion control;Humans;Electrical capacitance tomography;Anthropometry;Physics;Feedback;Measurement errors;Jacobian matrices}, 
doi={10.1109/PCCGA.1999.803346}, 
month={Oct},}

@article{borosan2012rigmesh,
  title={Rigmesh: automatic rigging for part-based shape modeling and deformation},
  author={Boros{\'a}n, P{\'e}ter and Jin, Ming and DeCarlo, Doug and Gingold, Yotam and Nealen, Andrew},
  journal={ACM Transactions on Graphics (TOG)},
  volume={31},
  number={6},
  pages={198},
  year={2012},
  publisher={ACM}
}

@inproceedings{avril2016animation,
  title={Animation setup transfer for 3D CHaracters},
  author={Avril, Quentin and Ribet, Sarah and Ghafourzadeh, Donya and Dionne, Olivier and Ramachandran, Srinivasan and de Lasa, Martin and Fallahdoust, Sahel and Paquette, Eric},
  booktitle={Computer Graphics Forum},
  volume={35},
  pages={115--126},
  year={2016},
  organization={Wiley Online Library}
}

@inproceedings{huang2013robust,
  title={Robust human body shape and pose tracking},
  author={Huang, Chun-Hao and Boyer, Edmond and Ilic, Slobodan},
  booktitle={3DTV-Conference, 2013 International Conference on},
  pages={287--294},
  year={2013},
  organization={IEEE}
}

@article{joints,
 author = {Lee, Sung-Hee and Terzopoulos, Demetri},
 title = {Spline Joints for Multibody Dynamics},
 journal = {ACM Trans. Graph.},
 issue_date = {August 2008},
 volume = {27},
 number = {3},
 month = aug,
 year = {2008},
 issn = {0730-0301},
 pages = {22:1--22:8},
 articleno = {22},
 numpages = {8},
 url = {http://doi.acm.org/10.1145/1360612.1360621},
 doi = {10.1145/1360612.1360621},
 acmid = {1360621},
 publisher = {ACM},
 address = {New York, NY, USA},
 keywords = {biological joints, multibody dynamics, scleronomic joints, splines},
} 

@article{Baran:2007,
 author = {Baran, Ilya and Popovi\'{c}, Jovan},
 title = {Automatic Rigging and Animation of 3D Characters},
 journal = {ACM Trans. Graph.},
 issue_date = {July 2007},
 volume = {26},
 number = {3},
 month = jul,
 year = {2007},
 issn = {0730-0301},
 articleno = {72},
 url = {http://doi.acm.org/10.1145/1276377.1276467},
 doi = {10.1145/1276377.1276467},
 acmid = {1276467},
 publisher = {ACM},
 address = {New York, NY, USA},
 keywords = {animation, deformations, geometric modeling},
} 

@article{Jacobson:2011,
 author = {Jacobson, Alec and Baran, Ilya and Popovi\'{c}, Jovan and Sorkine, Olga},
 title = {Bounded Biharmonic Weights for Real-time Deformation},
 journal = {ACM Trans. Graph.},
 issue_date = {July 2011},
 volume = {30},
 number = {4},
 month = jul,
 year = {2011},
 issn = {0730-0301},
 pages = {78:1--78:8},
 articleno = {78},
 numpages = {8},
 doi = {10.1145/2010324.1964973},
 acmid = {1964973},
 publisher = {ACM},
 address = {New York, NY, USA},
 keywords = {articulated character animation, generalized barycentric coordinates, linear blend skinning, shape deformation},
} 

@article{pan2017automatic,
  title={Automatic skinning and weight retargeting of articulated characters using extended position-based dynamics},
  author={Pan, Junjun and Chen, Lijuan and Yang, Yuhan and Qin, Hong},
  journal={The Visual Computer},
  pages={1--13},
  year={2017},
  publisher={Springer}
}

@inproceedings{rumman2016state,
  title={State of the art in skinning techniques for articulated deformable characters},
  author={Rumman, Nadine Abu and Fratarcangeli, Marco},
  booktitle={11th International Conference on Computer Graphics Theory and Application, GRAPP 2016; Part of the 11th Joint Conference on Computer Vision, Imaging and Computer Graphics Theory and Applications, VISIGRAPP 2016},
  year={2016},
  organization={SciTePress}
}
@inproceedings{abu2015position,
  title={Position-Based Skinning for Soft Articulated Characters},
  author={Rumman, Nadine Abu and Fratarcangeli, Marco},
  booktitle={Computer Graphics Forum},
  volume={34},
  pages={240--250},
  year={2015},
  organization={Wiley Online Library}
}

@article{le2016real,
  title={Real-time skeletal skinning with optimized centers of rotation},
  author={Le, Binh Huy and Hodgins, Jessica K},
  journal={ACM Transactions on Graphics (TOG)},
  volume={35},
  number={4},
  pages={37},
  year={2016},
  publisher={ACM}
}

@article{Shi:2007,
 author = {Shi, Xiaohan and Zhou, Kun and Tong, Yiying and Desbrun, Mathieu and Bao, Hujun and Guo, Baining},
 title = {Mesh Puppetry: Cascading Optimization of Mesh Deformation with Inverse Kinematics},
 journal = {ACM Trans. Graph.},
 issue_date = {July 2007},
 volume = {26},
 number = {3},
 month = jul,
 year = {2007},
 issn = {0730-0301},
 articleno = {81},
 doi = {10.1145/1276377.1276479},
 acmid = {1276479},
 publisher = {ACM},
 address = {New York, NY, USA},
 keywords = {geometry processing, inverse kinematics, mesh deformation, nonlinear optimization},
} 

@article{Ali2013,
 author = {Dicko, Ali-Hamadi and Liu, Tiantian and Gilles, Benjamin and Kavan, Ladislav and Faure, Fran\c{c}ois and Palombi, Olivier and Cani, Marie-Paule},
 title = {Anatomy Transfer},
 journal = {ACM Trans. Graph.},
 issue_date = {November 2013},
 volume = {32},
 number = {6},
 month = nov,
 year = {2013},
 issn = {0730-0301},
 pages = {188:1--188:8},
 articleno = {188},
 numpages = {8},
 doi = {10.1145/2508363.2508415},
 acmid = {2508415},
 publisher = {ACM},
 address = {New York, NY, USA},
 keywords = {character modeling},
}

@book{Menache:1999,
 author = {Menache, Alberto},
 title = {Understanding Motion Capture for Computer Animation and Video Games},
 year = {1999},
 isbn = {0124906303},
 edition = {1st},
 publisher = {Morgan Kaufmann Publishers Inc.},
 address = {San Francisco, CA, USA},
} 

@article{Bender:2014,
 author = {Bender, Jan and M\"{u}ller, Matthias and Otaduy, Miguel A. and Teschner, Matthias and Macklin, Miles},
 title = {A Survey on Position-Based Simulation Methods in Computer Graphics},
 journal = {Comput. Graph. Forum},
 issue_date = {September 2014},
 volume = {33},
 number = {6},
 month = sep,
 year = {2014},
 issn = {0167-7055},
 pages = {228--251},
 numpages = {24},
 doi = {10.1111/cgf.12346},
 acmid = {3071847},
 publisher = {The Eurographs Association \&\#38; John Wiley \&\#38; Sons, Ltd.},
 address = {Chichester, UK},
 keywords = {I.3.7 [Computer Graphics]: Three-Dimensional Graphics and Realism Animation, data-driven upsampling, deformable solids, fluids, position-based simulation, shape matching},
} 

@article{Lee2009,
 author = {Lee, Sung-Hee and Sifakis, Eftychios and Terzopoulos, Demetri},
 title = {Comprehensive Biomechanical Modeling and Simulation of the Upper Body},
 journal = {ACM Trans. Graph.},
 issue_date = {August 2009},
 volume = {28},
 number = {4},
 month = sep,
 year = {2009},
 issn = {0730-0301},
 pages = {99:1--99:17},
 articleno = {99},
 numpages = {17},
 doi = {10.1145/1559755.1559756},
 acmid = {1559756},
 publisher = {ACM},
 address = {New York, NY, USA},
 keywords = {Human modeling and animation, biomechanics, finite elements, muscle-based animation, rigid/deformable dynamics and control, soft tissue simulation},
} 

@article{Patterson2012,
 author = {Patterson, Taylor and Mitchell, Nathan and Sifakis, Eftychios},
 title = {Simulation of Complex Nonlinear Elastic Bodies Using Lattice Deformers},
 journal = {ACM Trans. Graph.},
 issue_date = {November 2012},
 volume = {31},
 number = {6},
 month = nov,
 year = {2012},
 issn = {0730-0301},
 pages = {197:1--197:10},
 articleno = {197},
 numpages = {10},
 doi = {10.1145/2366145.2366216},
 acmid = {2366216},
 publisher = {ACM},
 address = {New York, NY, USA},
 keywords = {cut-cell methods, incompressibility, nonlinear elasticity},
} 

@ARTICLE{keyframe, 
author={N. Burtnyk and M. Wein}, 
journal={Journal of the SMPTE}, 
title={Computer-Generated Key-Frame Animation}, 
year={1971}, 
volume={80}, 
number={3}, 
pages={149-153}, 
keywords={}, 
doi={10.5594/J07698}, 
ISSN={0361-4573}, 
month={March},}

@article{Fan2014,
 author = {Fan, Ye and Litven, Joshua and Pai, Dinesh K.},
 title = {Active Volumetric Musculoskeletal Systems},
 journal = {ACM Trans. Graph.},
 issue_date = {July 2014},
 volume = {33},
 number = {4},
 month = jul,
 year = {2014},
 issn = {0730-0301},
 pages = {152:1--152:9},
 articleno = {152},
 numpages = {9},
 doi = {10.1145/2601097.2601215},
 acmid = {2601215},
 publisher = {ACM},
 address = {New York, NY, USA},
 keywords = {Eulerian simulation, activation, deformation, muscle, musculoskeleton, soft tissues},
} 

@article{gilles2010,
  title={Creating and Animating Subject-Specific Anatomical Models},
  author={Gilles, Benjamin and Reveret, Lionel and Pai, DK},
  journal={Computer Graphics Forum},
  volume={29},
  number={8},
  pages={2340--2351},
  year={2010},
  organization={Wiley Online Library}
}

@article{blemker2007,
  title={Image-based musculoskeletal modeling: Applications, advances, and future opportunities},
  author={Blemker, Silvia S and Asakawa, Deanna S and Gold, Garry E and Delp, Scott L},
  journal={Journal of magnetic resonance imaging},
  volume={25},
  number={2},
  pages={441--451},
  year={2007},
  publisher={Wiley Online Library}
}

@incollection{schmid2009,
  title={Musculoskeletal simulation model generation from MRI data sets and motion capture data},
  author={Schmid, J{\'e}r{\^o}me and Sandholm, Anders and Chung, Fran{\c{c}}ois and Thalmann, Daniel and Delingette, Herv{\'e} and Magnenat-Thalmann, Nadia},
  booktitle={Recent advances in the 3D Physiological Human},
  pages={3--19},
  year={2009},
  publisher={Springer}
}
@article{terzopoulos1987elastically,
  title={Elastically deformable models},
  author={Terzopoulos, Demetri and Platt, John and Barr, Alan and Fleischer, Kurt},
  journal={ACM Siggraph Computer Graphics},
  volume={21},
  number={4},
  pages={205--214},
  year={1987},
  publisher={ACM}
}

@article{wilhelms1995modeling,
  title={MODELING ANIMALS WITH BONES, MUSCLES, AND SKIN},
  author={Wilhelms, Jane},
  year={1995},
  journal ={Baskin Center for Computer Engineering and Information Sciences},
  publisher={University of California at Santa Cruz}
}
@InProceedings{russell93,
author="Turner, Russell
and Thalmann, Daniel",
editor="Thalmann, Nadia Magnenat
and Thalmann, Daniel",
title="The Elastic Surface Layer Model for Animated Character Construction",
booktitle="Communicating with Virtual Worlds",
year="1993",
publisher="Springer Japan",
address="Tokyo",
pages="399--412",
isbn="978-4-431-68456-5"
}

@inproceedings{Ichim:2016,
 author = {Ichim, Alexandru-Eugen and Kavan, Ladislav and Nimier-David, Merlin and Pauly, Mark},
 title = {Building and Animating User-specific Volumetric Face Rigs},
 booktitle = {Proceedings of the ACM SIGGRAPH/Eurographics Symposium on Computer Animation},
 series = {SCA '16},
 year = {2016},
 isbn = {978-3-905674-61-3},
 location = {Zurich, Switzerland},
 pages = {107--117},
 numpages = {11},
 url = {http://dl.acm.org/citation.cfm?id=2982818.2982834},
 acmid = {2982834},
 publisher = {Eurographics Association},
 address = {Aire-la-Ville, Switzerland, Switzerland},
} 

@article{kadlecek-16-reconstructing,
 	author = {Kadlecek, Petr and Ichim, Alexandru-Eugen and Liu, Tiantian and Krivanek, Jaroslav and Kavan, Ladislav},
 title = {Reconstructing Personalized Anatomical Models for Physics-based Body Animation},
 journal = {ACM Trans. Graph.},
 volume = {35},
 number = {6},
 year = {2016},
}


@inproceedings{Liu:2018,
 author = {Liu, Xiaoxu and Feng, Xiaoyi and Pan, Shijie and Peng, Jinye and Zhao, Xuan},
 title = {Skeleton Tracking Based on Kinect Camera and the Application in Virtual Reality System},
 booktitle = {Proceedings of the 4th International Conference on Virtual Reality},
 series = {ICVR 2018},
 year = {2018},
 isbn = {978-1-4503-6408-9},
 location = {Hong Kong, Hong Kong},
 pages = {21--25},
 numpages = {5},
 doi = {10.1145/3198910.3198915},
 acmid = {3198915},
 publisher = {ACM},
 address = {New York, NY, USA},
 keywords = {Interactive Mode, Motion Filtering, Skeleton Tracking, Skinning Algorithm},
} 


@article{Kavan2008,
 author = {Kavan, Ladislav and Collins, Steven and \v{Z}\'{a}ra, Ji\v{r}\'{\i} and O'Sullivan, Carol},
 title = {Geometric Skinning with Approximate Dual Quaternion Blending},
 journal = {ACM Trans. Graph.},
 issue_date = {October 2008},
 volume = {27},
 number = {4},
 month = nov,
 year = {2008},
 issn = {0730-0301},
 pages = {105:1--105:23},
 articleno = {105},
 numpages = {23},
 doi = {10.1145/1409625.1409627},
 acmid = {1409627},
 publisher = {ACM},
 address = {New York, NY, USA},
 keywords = {Skinning, dual quaternions, linear combinations, rigid transformations, transformation blending},
} 

@inproceedings{Kavan:2005,
 author = {Kavan, Ladislav and \v{Z}\'{a}ra, Ji\v{r}\'{\i}},
 title = {Spherical Blend Skinning: A Real-time Deformation of Articulated Models},
 booktitle = {Proceedings of the 2005 Symposium on Interactive 3D Graphics and Games},
 series = {I3D '05},
 year = {2005},
 isbn = {1-59593-013-2},
 location = {Washington, District of Columbia},
 pages = {9--16},
 numpages = {8},
 url = {http://doi.acm.org/10.1145/1053427.1053429},
 doi = {10.1145/1053427.1053429},
 acmid = {1053429},
 publisher = {ACM},
 address = {New York, NY, USA},
 keywords = {deformation, skeletal animation, skinning},
} 

@inproceedings{Lee2013,
 author = {Lee, Gene S. and Lin, Andy and Schiller, Matt and Peters, Scott and McLaughlin, Mark and Hanner, Frank},
 title = {Enhanced Dual Quaternion Skinning for Production Use},
 booktitle = {ACM SIGGRAPH 2013 Talks},
 series = {SIGGRAPH '13},
 year = {2013},
 isbn = {978-1-4503-2344-4},
 location = {Anaheim, California},
 pages = {9:1--9:1},
 articleno = {9},
 numpages = {1},
 url = {http://doi.acm.org/10.1145/2504459.2504470},
 doi = {10.1145/2504459.2504470},
 acmid = {2504470},
 publisher = {ACM},
 address = {New York, NY, USA},
} 


@article{Vaillant:2014,
 author = {Vaillant, Rodolphe and Guennebaud, G\"{a}el and Barthe, Lo\"{\i}c and Wyvill, Brian and Cani, Marie-Paule},
 title = {Robust Iso-surface Tracking for Interactive Character Skinning},
 journal = {ACM Trans. Graph.},
 issue_date = {November 2014},
 volume = {33},
 number = {6},
 month = nov,
 year = {2014},
 issn = {0730-0301},
 pages = {189:1--189:11},
 articleno = {189},
 numpages = {11},
 url = {http://doi.acm.org/10.1145/2661229.2661264},
 doi = {10.1145/2661229.2661264},
 acmid = {2661264},
 publisher = {ACM},
 address = {New York, NY, USA},
 keywords = {iso-surface tracking, skinning with contact},
} 


%%%%%%%%%%%%%%%%%%%%%%%%%%%
%%%%%%%%%%%%RASIMAS
%%%%%%%%%%%%%%%%%%%%%%%%%



@misc{ded2.1,
  title={User Specifications},
  author={INRIA},

  note={Consulta: Diciembre de 2018},
  howpublished ={\url{http://rasimas.imib.rwth-aachen.de/member_area/documents_ma/Deliverables/D2.1/RECTL01_D2.1_Vfinal.pdf}}
}

@misc{ded3.2,
  title={Patient-Specific Dataset Library},
  author={UKA-IMI},

  note={Consulta: Diciembre de 2018},
  howpublished ={\url{http://rasimas.imib.rwth-aachen.de/member_area/documents_ma/Deliverables/D3.2/RASimAs_D3.2_Patient-specific\%20library_v2.1.pdf}}
}





%%%%%%%%%%%%%%%%%%%%%%%
%%%%%%%%%CAD
%%%%%%%%%%%%%%%%%%%%%%
@misc{blender,
  title={Blender},
  author={Blender Foundation},
  year={2018},
  howpublished ={\url{https://www.blender.org/}},
note = {Consulta: Noviembre 2018}
}
@misc{3ds,
  title={3DS MAX},
  author={Autodesk Inc.},
  year={2018},
  howpublished ={\url{https://www.autodesk.es/products/3ds-max/overview}},
note = {Consulta: Noviembre 2018}
}


https://www.autodesk.es/products/3ds-max/overview
