@misc{gVirtualXRay,
author = {Franck P. Vidal},
title = {Virtual X-Ray Imaging Library on GPU}, howpublished ={\url{http://gvirtualxray.sourceforge.net/}},
note={Consulta: Octubre de 2018},
}


@misc{xraydose,
author = {Mike Hanley},
title = { Radiation Risk Calculator},
howpublished ={\url{http://www.xrayrisk.com/}},

note={Consulta: Octubre de 2018},
}







@InProceedings{VHZKLBSGSD16,
  author       = "Voski, Victor and Herrler, Andreas and Zaitseva, Elena and Kvassay, Miroslav  and Law, Yuen and Bessard , Remi and Sújar, Aaron and García, Marcos and Smistad, Erik and Deserno, Thomas",
  title        = "A Virtual Physiological Human Model for Regional Anaesthesia",
  booktitle    = "Virtual Physiological Human (VPH) Conference 2016",
  pages        = "1-4",
  month        = "September",
  year         = "2016",
  organization = "VPH Institute",
  url          = "http://gmrv.es/Publications/2016/VHZKLBSGSD16"
}


