%%%%%%%%%%%%%%%%%%%%%%%%%%%%%%
%%%%%%     POSING  %%%%%%%%%%%
%%%%%%%%%%%%%%%%%%%%%%%%%%%%%%%
@article{QUIJANO20131703,
title = "Three-dimensional reconstruction of the lower limb from biplanar calibrated radiographs",
journal = "Medical Engineering \& Physics",
volume = "35",
number = "12",
pages = "1703 - 1712",
year = "2013",
issn = "1350-4533",
doi = "https://doi.org/10.1016/j.medengphy.2013.07.002",
url = "http://www.sciencedirect.com/science/article/pii/S1350453313001495",
author = "S. Quijano and A. Serrurier and B. Aubert and S. Laporte and P. Thoreux and W. Skalli",
keywords = "Three-dimensional reconstruction, Lower limbs, Surgical planning, Biplanar calibrated radiographs, Statistical model, Clinical measurements, Automation"
}

@article{SUZUKI20031,
title = "Linear-time connected-component labeling based on sequential local operations",
journal = "Computer Vision and Image Understanding",
volume = "89",
number = "1",
pages = "1 - 23",
year = "2003",
issn = "1077-3142",
doi = "https://doi.org/10.1016/S1077-3142(02)00030-9",
url = "http://www.sciencedirect.com/science/article/pii/S1077314202000309",
author = "Kenji Suzuki and Isao Horiba and Noboru Sugie",
keywords = "Labeling, Connected component, Linear time, Sequential local operation, One-dimensional table, Raster scan order"
}

@techreport{jamin:hal-00796052,
  TITLE = {{CGALmesh: a Generic Framework for Delaunay Mesh Generation}},
  AUTHOR = {Jamin, Cl{\'e}ment and Alliez, Pierre and Yvinec, Mariette and Boissonnat, Jean-Daniel},
  URL = {https://hal.inria.fr/hal-00796052},
  TYPE = {Research Report},
  NUMBER = {RR-8256},
  INSTITUTION = {{INRIA}},
  YEAR = {2014},
  MONTH = Jan,
  KEYWORDS = {isosurface extraction ; mesh optimization ; Mesh generation ; Delaunay refinement},
  PDF = {https://hal.inria.fr/hal-00796052/file/cgalmesh.pdf},
  HAL_ID = {hal-00796052},
  HAL_VERSION = {v2},
}





@book{Lewis2004,
  title={Fundamentals of the Finite Element Method for Heat and Fluid Flow},
  author={Lewis, R.W. and Nithiarasu, P. and Seetharamu, K.},
  isbn={9780470020814},
  url={http://books.google.es/books?id=dzCeaWOSjRkC},
  year={2004},
  publisher={Wiley}
}

@article{Teschner2003,
    author = {Teschner, M. and Heidelberger, B. and Mueller, M. and Pomeranets, D. and Gross, M.},
    citeulike-article-id = {2606944},
    citeulike-linkout-0 = {\#},
    journal = {Proceedings of Vision, Modeling, Visualization (VMV 2003)},
    keywords = {bibtex-import, mechanics, physics, simulation},
    pages = {47--54},
    posted-at = {2008-03-28 13:41:37},
    priority = {2},
    title = {{Optimized spatial hashing for collision detection of deformable objects}},
    url = {citeseer.ist.psu.edu/teschner03optimized.html},
    year = {2003}
}

@article{shotton2013,
  title={Real-time human pose recognition in parts from single depth images},
  author={Shotton, Jamie and Sharp, Toby and Kipman, Alex and Fitzgibbon, Andrew and Finocchio, Mark and Blake, Andrew and Cook, Mat and Moore, Richard},
  journal={Communications of the ACM},
  volume={56},
  number={1},
  pages={116--124},
  year={2013},
  publisher={ACM}
}

@INPROCEEDINGS{7581666, 
author={P. Gu and Y. Zheng and D. Wang and Q. Wu}, 
booktitle={2016 11th International Conference on Computer Science Education (ICCSE)}, 
title={Review of constraints-based motion retargeting techniques in 3D animations}, 
year={2016}, 
volume={}, 
number={}, 
pages={708-711}, 
keywords={computer animation;3D animations;3D motion data;constraints-based motion retargeting;object models;Animation;Computer graphics;Data models;Joints;Kinematics;Three-dimensional displays;Constraints-based;Inverse Kinematics;Motion Retargeting;Physical Laws;Space-time}, 
doi={10.1109/ICCSE.2016.7581666}, 
ISSN={}, 
month={Aug},}



@inproceedings{Muller2004,
 author = {M\"{u}ller, Matthias and Gross, Markus},
 title = {Interactive Virtual Materials},
 booktitle = {Proceedings of Graphics Interface 2004},
 series = {GI '04},
 year = {2004},
 isbn = {1-56881-227-2},
 location = {London, Ontario, Canada},
 pages = {239--246},
 numpages = {8},
 url = {http://dl.acm.org/citation.cfm?id=1006058.1006087},
 acmid = {1006087},
 publisher = {Canadian Human-Computer Communications Society},
 address = {School of Computer Science, University of Waterloo, Waterloo, Ontario, Canada},
 keywords = {elasticity, finite element method, fracture, large deformations, physically based animation, plasticity, stiffness warping},
} 

 @book{Press2007,
 author = {Press, William H. and Teukolsky, Saul A. and Vetterling, William T. and Flannery, Brian P.},
 title = {Numerical Recipes 3rd Edition: The Art of Scientific Computing},
 year = {2007},
 isbn = {0521880688, 9780521880688},
 edition = {3},
 publisher = {Cambridge University Press},
 address = {New York, NY, USA},
} 

@article{hauth2003,
  title={Analysis of numerical methods for the simulation of deformable models},
  author={Hauth, Michael and Etzmu{\ss}, Olaf and Stra{\ss}er, Wolfgang},
  journal={The Visual Computer},
  volume={19},
  number={7-8},
  pages={581--600},
  year={2003},
  publisher={Springer}
}






@misc{CMUMCD,
author = {CMUMCD},
title = {Carnegie Mellon University Motion Capture Database.},
howpublished ={\url{http://mocap.cs.cmu.edu/}},
note = {Consulta: Enero 2018},
}

%%%%%%%%%%%%%%%%%%%%%%%%%%%%%%%
%%%    MODELOS
%%%%%%%%%%%%%%%%%%%%%%%%%%%%%%%








