

%%%%%%%%%%%%%%%%%%%%%%%%%%%%%%%
%%%    Resultados
%%%%%%%%%%%%%%%%%%%%%%%%%%%%%%%


%%%%%%%%%%%%%%%%%%%%%%%%%%%%%%%
%%%    MODELOS
%%%%%%%%%%%%%%%%%%%%%%%%%%%%%%%








%%%%%%%%%%%%%%%%%%%5
%%%%%%5 RASimAs
%%%%%%%%%%%%%%%%%%%%%%5



@inproceedings {ceig.20151197,
booktitle = {Spanish Computer Graphics Conference (CEIG)},
editor = {Mateu Sbert and Jorge Lopez-Moreno},
title = {{An Interactive Algorithm for Virtual Patient Positioning}},
author = {Casafranca, Juan José and Sújar, Aaron and García, Marcos},
year = {2015},
publisher = {The Eurographics Association},
DOI = {10.2312/ceig.20151197}
}

@article{SUJAR2018268,
title = "Real-time animation of human characters’ anatomy",
journal = "Computers \& Graphics",
volume = "74",
pages = "268 - 277",
year = "2018",
issn = "0097-8493",
doi = "https://doi.org/10.1016/j.cag.2018.05.025",
author = "Aaron Sújar and Juan Jose Casafranca and Antoine Serrurier and Marcos Garcia",
keywords = "Linear blend skinning, Dual quaternion skinning, Real-time animation",
}

@INPROCEEDINGS{zaitseva, 
author={E. Zaitseva and M. Kvassay and V. Levashenko and T. M. Deserno and V. Voski and A. Herrler}, 
booktitle={2016 International Conference on Information and Digital Technologies (IDT)}, 
title={Qualitative evaluation of faults (mathematical incorrectness) in anatomical model for Regional Anaesthesia Simulator}, 
year={2016}, 
volume={}, 
number={}, 
pages={311-318}, 
keywords={digital simulation;medical computing;physiology;anatomical model;regional anaesthesia simulator;RA;RASimAs;regional anaesthesia simulator and assistant;virtual physiological human model;3D anatomical models;zygote male human anatomy collection v.4.0;Solid modeling;Biological system modeling;Manifolds;Anesthesia;Muscles;Mathematical model;Training;regional anaesthesia simulator;anatomical model;error;incorrectness;RASimAs}, 
doi={10.1109/DT.2016.7557192}, 
ISSN={}, 
month={July},}










