@INPROCEEDINGS{phantompen, 
author={S. Bayonat and M. Garcia and C. Mendoza and J. M. Ferniindez}, 
booktitle={International Conference on Medical Information Visualisation - BioMedical Visualisation (MedVis'06)}, 
title={Shoulder Arthroscopy Training System with Force Feedback}, 
year={2006}, 
volume={}, 
number={}, 
pages={71-76}, 
keywords={Force feedback;Shoulder;Surges;Minimally invasive surgery;Instruments;Pain;Anatomy;Learning systems;Costs;Joints}, 
doi={10.1109/MEDIVIS.2006.23}, 
ISSN={}, 
month={July},}

@inproceedings{antoinemri,
author = { Antoine  Serrurier,Andrea  BÃ¶nsch,Robert  Lau,Thomas M. Deserno},
title = {MRI visualisation by digitally reconstructed radiographs},
journal = {Proc.SPIE},
volume = {9418},
number = {},
pages = {9418 - 9418 - 7},
year = {2015},
doi = {10.1117/12.2081845},
URL = {https://doi.org/10.1117/12.2081845},
eprint = {}
}

@InProceedings{gilles2008,
author="Gilles, Benjamin
and Pai, Dinesh K.",
editor="Metaxas, Dimitris
and Axel, Leon
and Fichtinger, Gabor
and Sz{\'e}kely, G{\'a}bor",
title="Fast Musculoskeletal Registration Based on Shape Matching",
booktitle="Medical Image Computing and Computer-Assisted Intervention -- MICCAI 2008",
year="2008",
publisher="Springer Berlin Heidelberg",
address="Berlin, Heidelberg",
pages="822--829",
isbn="978-3-540-85990-1"
}




@misc{Ascension ,
author = {Ascension Technology Corporation},
title = {trakSTAR},
howpublished ={\url{https://www.ascension-tech.com/products/}},
note = { Consulta: Octubre de 2018},
}

@misc{Philips ,
author = {Philips},
title = {Philips Sparq},
howpublished ={\url{https://www.philips.es/healthcare/product/HC795090CC/sparq-sistema-de-ultrasonido}},
note = { Consulta: Octubre 2018},
}

%%%%%%%%%%%%%%%%%%%%%%%%%%%%%%%%%%%%%
%%%%%%%%%% RASIMAS %%%%%%%%%%%%%%
%%%%%%%%%%%%%%%%%%%%%%%%%%%%%%%%%%







@misc{ded3.3,
  title={Physics-based models for Body Torso, Upper and Lower Extremities},
  author={INRIA},

  note={Consulta: Diciembre de 2018},
  howpublished ={\url{http://rasimas.imib.rwth-aachen.de/member_area/documents_ma/Deliverables/D3.3/D3.3\%20report_v2.1.pdf}}
}

@misc{ded4.4,
  title={Training Functions of Simulator},
  author={URJC},

  note={Consulta: Diciembre de 2018},
  howpublished ={\url{http://rasimas.imib.rwth-aachen.de/member_area/documents_ma/Deliverables/RASimAs_D4.4-Training \%20functions\%20of\%20Simulator_finalversion.pdf}}
}


@misc{touch,
  title={Touch},
  author={3D Systems},

  note={Consulta: Diciembre de 2018},
  howpublished ={\url{https://es.3dsystems.com/haptics-devices/touch}}
}







@inproceedings{deOliveira:2015,
 author = {de Oliveira, J. E. E. and Giessler, P. and Deserno, T. M.},
 title = {Image Registration Methods for Patient-specific Virtual Physiological Human Models},
 booktitle = {Proceedings of the Eurographics Workshop on Visual Computing for Biology and Medicine},
 series = {VCBM '15},
 year = {2015},
 isbn = {978-3-905674-82-8},
 location = {Chester, United Kingdom},
 pages = {31--40},
 numpages = {10},
 doi = {10.2312/vcbm.20151206},
 acmid = {2853960},
 publisher = {Eurographics Association},
 address = {Aire-la-Ville, Switzerland, Switzerland},
} 



