%%%%%%%%%%%%%%%%%%%%%%%
%%%%%% XRAY %%%%%%%%%%%
%%%%%%%%%%%%%%%%%%%%%%%

@article{Boone1997,
author = {Boone, John M. and Seibert, J. Anthony},
title = {An accurate method for computer-generating tungsten anode {X-ray} spectra from 30 to 140 {kV}},
journal = {Medical Physics},
volume = {24},
number = {11},
year = 1997,
pages = {1661-1670},
doi = {10.1118/1.597953}
}






@inproceedings {vidal2009simulation,
booktitle = {Theory and Practice of Computer Graphics},
editor = {Wen Tang and John Collomosse},
title = {{Simulation of X-ray Attenuation on the GPU}},
author = {Vidal, Franck P. and Garnier, Manuel and Freud, Nicolas and LÃ©tang, Jean Michel and John, Nigel W.},
year = {2009},
publisher = {The Eurographics Association},
ISBN = {978-3-905673-71-5},
DOI = {10.2312/LocalChapterEvents/TPCG/TPCG09/025-032}
}

@TECHREPORT{XCOM,
  AUTHOR =        {M. J. Berger and  J. H. Hubbell and S. M. Seltzer and J. Chang and J. S. Coursey and R. Sukumar and D. S. Zucker and K. Olsen},
  TITLE =         {XCOM: Photon Cross Section Database},
  NUMBER =        {NBSIR 87-3597},
  INSTITUTION =   {National Institute of Standards and Technology},
  ADDRESS =       {Gaithersburg, MD},
  YEAR  =         2010,
  URL   =         {http://physics.nist.gov/xcom},
}

@misc{boomgaarden1991collimation,
  title={Collimation apparatus for x-ray beam correction},
  author={Boomgaarden, Jonathan C and Toth, Thomas L and Englert, August O},
  year={1991},
  month=feb # "~5",
  publisher={Google Patents},
  note={US Patent 4,991,189}
}


@article{PENELOPE,
title = "{PENELOPE}: An algorithm for {Monte Carlo} simulation of the penetration and energy loss of electrons and positrons in matter ",
journal = "Nucl Instrum Methods Phys Res B",
volume = "100",
number = "1",
pages = "31-46",
year = "1995",
doi = "10.1016/0168-583X(95)00349-5",
author = "J. Bar\'o and J. Sempau and J. M. Fern\'andez-Varea and F. Salvat",
}

@article{badal2009,
author = {Badal, Andreu and Badano, Aldo},
title = {Accelerating Monte Carlo simulations of photon transport in a voxelized geometry using a massively parallel graphics processing unit},
journal = {Medical Physics},
volume = {36},
number = {11},
pages = {4878-4880},
keywords = {Applications, Therapeutic applications, including brachytherapy, Computer-aided diagnosis, bio-optics, medical diagnostic computing, Monte Carlo methods, radiation therapy, Monte Carlo, GPU, CUDA, PENELOPE, Monte Carlo methods, Photons, X-ray imaging, Image sensors, Radiography, Computer software, Medical physics, Ionizing radiation, Trajectory models, Radiation therapy equipment},
doi = {10.1118/1.3231824},
year = {2009}
}
@article{Agostinelli2003250,
title = "Geant4--a simulation toolkit ",
journal = "Nucl Instrum Methods Phys Res A",
volume = "506",
number = "3",
pages = "250 - 303",
year = "2003",
note = "",
issn = "0168-9002",
doi = "10.1016/S0168-9002(03)01368-8",
author = "S. Agostinelli and others",
keywords = "Simulation",
keywords = "Particle interactions",
keywords = "Geometrical modelling",
keywords = "Software engineering",
keywords = "Object-oriented technology",
keywords = "Distributed software development "
}

@article{Schneider2000,
 author = {Schneider, W and Bortfeld, T and Schlegel, W},
 title = {Correlation between {CT} numbers and tissue parameters needed for {Monte Carlo} simulations of clinical dose distributions},
 journal = {Phys Med Biol},
 year = 2000,
 month = Feb, 
 volume = 45,
 number = 2,
 pages = {459-78},
 }






@article{Freud2006175,
title = "Fast and robust ray casting algorithms for virtual {X-ray} imaging",
journal = "Nucl Instrum Methods Phys Res B",
volume = "248",
number = "1",
pages = "175-180",
year = "2006",
note = "",
issn = "0168-583X",
doi = "10.1016/j.nimb.2006.03.009",
author = "N. Freud and P. Duvauchelle and J. M. L\'etang and D. Babot",
keywords = "X-ray imaging",
keywords = "Deterministic simulation",
keywords = "Ray casting",
keywords = "z-Buffer",
keywords = "Robustness "
}


